@article{campos2020singularity,
  title={Singularity of random symmetric matrices revisited},
  author={Campos, Marcelo and Jenssen, Matthew and Michelen, Marcus and Sahasrabudhe, Julian},
  journal={arXiv preprint arXiv:2011.03013},
  year={2020}
}


@article{kwan2022anticoncentration,
  title={Anticoncentration in Ramsey graphs and a proof of the Erd{\H{o}}s-McKay conjecture},
  author={Kwan, Matthew and Sah, Ashwin and Sauermann, Lisa and Sawhney, Mehtaab},
  journal={arXiv e-prints},
  pages={arXiv--2208},
  year={2022}
}

@article{kwan2023resolution,
  title={Resolution of the quadratic Littlewood--Offord problem},
  author={Kwan, Matthew and Sauermann, Lisa},
  journal={arXiv preprint arXiv:2312.13826},
  year={2023}
}
@article{kwan2019algebraic,
  title={An algebraic inverse theorem for the quadratic Littlewood-Offord problem, and an application to Ramsey graphs},
  author={Kwan, Matthew and Sauermann, Lisa},
  journal={arXiv preprint arXiv:1909.02089},
  year={2019}
}

@article{costello2005random,
  title={Random symmetric matrices are almost surely non-singular},
  author={Costello, Kevin and Tao, Terence and Vu, Van},
  journal={arXiv preprint math/0505156},
  year={2005}
}

@article{costello2009bilinear,
  title={Bilinear and Quadratic Variants on the Littlewood-Offord Problem},
  author={Costello, Kevin P},
  journal={arXiv preprint arXiv:0902.1538},
  year={2009}
}
@article{rudelson2008littlewood,
  title={The Littlewood--Offord problem and invertibility of random matrices},
  author={Rudelson, Mark and Vershynin, Roman},
  journal={Advances in Mathematics},
  volume={218},
  number={2},
  pages={600--633},
  year={2008},
  publisher={Elsevier}
}

@article{jain2020smoothed,
  title={On the smoothed analysis of the smallest singular value with discrete noise},
  author={Jain, Vishesh and Sah, Ashwin and Sawhney, Mehtaab},
  journal={arXiv preprint arXiv:2009.01699},
  year={2020}
}

@article{jain2021singularity,
  title={Singularity of discrete random matrices},
  author={Jain, Vishesh and Sah, Ashwin and Sawhney, Mehtaab},
  journal={Geometric and Functional Analysis},
  volume={31},
  pages={1160--1218},
  year={2021},
  publisher={Springer}
}

@article{jain2020smallest,
  title={On the smallest singular value of symmetric random matrices},
  author={Jain, Vishesh and Sah, Ashwin and Sawhney, Mehtaab},
  journal={arXiv preprint arXiv:2011.02344},
  year={2020}
}
