@article{kane2017structure,
  title={A structure theorem for poorly anticoncentrated polynomials of Gaussians and applications to the study of polynomial threshold functions},
  author={Kane, Daniel},
  year={2017}
}
 
@article{carbery2001distributional,
  title={Distributional and $ L\^{}$\{$q$\}$ $ norm inequalities for polynomials over convex bodies in $$\{$$\backslash$Bbb R$\}$\^{} n$},
  author={Carbery, Anthony and Wright, James},
  journal={Mathematical research letters},
  volume={8},
  number={3},
  pages={233--248},
  year={2001},
  publisher={International Press of Boston}
}

@book{mossel2005noise,
  title={Noise stability of functions with low influences: invariance and optimality},
  author={Mossel, Elchanan and O'Donnell, Ryan and Oleszkiewicz, Krzysztof},
  booktitle={46th Annual IEEE Symposium on Foundations of Computer Science (FOCS'05)},
  pages={21--30},
  year={2005},
  organization={IEEE}
}

@book{kim2000concentration,
  title={Concentration of multivariate polynomials and its applications},
  author={Kim, Jeong Han and Vu, Van H},
  journal={Combinatorica},
  volume={20},
  number={3},
  pages={417--434},
  year={2000},
  publisher={Budapest: Akademiai Kiado, 1981-}
}


@article{gnedenko1948local,
  title={On a local limit theorem of the theory of probability},
  author={Gnedenko, Boris Vladimirovich},
  journal={Uspekhi Matematicheskikh Nauk},
  volume={3},
  number={3},
  pages={187--194},
  year={1948},
  publisher={Russian Academy of Sciences, Steklov Mathematical Institute of Russian~â€¦}
}


@article{gilmer2016local,
  title={A local central limit theorem for triangles in a random graph},
  author={Gilmer, Justin and Kopparty, Swastik},
  journal={Random Structures \& Algorithms},
  volume={48},
  number={4},
  pages={732--750},
  year={2016},
  publisher={Wiley Online Library}
}

@article{berkowitz2016quantitative,
  title={A quantitative local limit theorem for triangles in random graphs},
  author={Berkowitz, Ross},
  journal={arXiv preprint arXiv:1610.01281},
  year={2016}
}

@article{berkowitz2018local,
  title={A local limit theorem for cliques in G (n, p)},
  author={Berkowitz, Ross},
  journal={arXiv preprint arXiv:1811.03527},
  year={2018}
}


@article{alon2020edge,
  title={Edge-statistics on large graphs},
  author={Alon, Noga and Hefetz, Dan and Krivelevich, Michael and Tyomkyn, Mykhaylo},
  journal={Combinatorics, Probability and Computing},
  volume={29},
  number={2},
  pages={163--189},
  year={2020},
  publisher={Cambridge University Press}
}

@article{alon2003induced,
  title={Induced subgraphs of prescribed size},
  author={Alon, Noga and Krivelevich, Michael and Sudakov, Benny},
  journal={Journal of Graph Theory},
  volume={43},
  number={4},
  pages={239--251},
  year={2003},
  publisher={Wiley Online Library}
}


@article{erdos1935combinatorial,
  title={A combinatorial problem in geometry},
  author={Erd{\"o}s, Paul and Szekeres, George},
  journal={Compositio mathematica},
  volume={2},
  pages={463--470},
  year={1935}
}

@article{erdos1947some,
  title={Some remarks on the theory of graphs},
  author={Erd{\"o}s, Paul},
  year={1947}
}