@article{costello2008rank,
  title={The rank of random graphs},
  author={Costello, Kevin P and Vu, Van H},
  journal={Random Structures \& Algorithms},
  volume={33},
  number={3},
  pages={269--285},
  year={2008},
  publisher={Wiley Online Library}
}