@article{bourgain2010singularity,
  title={On the singularity probability of discrete random matrices},
  author={Bourgain, Jean and Vu, Van H and Wood, Philip Matchett},
  journal={Journal of Functional Analysis},
  volume={258},
  number={2},
  pages={559--603},
  year={2010},
  publisher={Elsevier}
}

@article{litvak2022singularity,
  title={Singularity of sparse Bernoulli matrices},
  author={Litvak, Alexander E and Tikhomirov, Konstantin E},
  journal={Duke Mathematical Journal},
  volume={171},
  number={5},
  pages={1135--1233},
  year={2022},
  publisher={Duke University Press}
}

@article{tikhomirov2020singularity,
  title={Singularity of random Bernoulli matrices},
  author={Tikhomirov, Konstantin},
  journal={Annals of Mathematics},
  volume={191},
  number={2},
  pages={593--634},
  year={2020},
  publisher={Department of Mathematics, Princeton University Princeton, New Jersey, USA}
}