@article{erdHos1972ramsey,
  title={On a Ramsey type theorem},
  author={Erd{\H{o}}s, P and Szemer{\'e}di, A},
  journal={Periodica Mathematica Hungarica},
  volume={2},
  number={1-4},
  pages={295--299},
  year={1972},
  publisher={Akad{\'e}miai Kiad{\'o}, co-published with Springer Science+ Business Media BV~â€¦}
}


@article{kwan2019anticoncentration,
  title={Anticoncentration for subgraph statistics},
  author={Kwan, Matthew and Sudakov, Benny and Tran, Tuan},
  journal={Journal of the London Mathematical Society},
  volume={99},
  number={3},
  pages={757--777},
  year={2019},
  publisher={Wiley Online Library}
}